2591 3349
159 248 340 299 >monium
372 221 467 290 esse
505 247 755 289 contendunt
780 258 829 295 eQ
855 248 1110 298 potissimum
1139 248 1221 287 nisi
1254 250 1494 298 argumento
1507 276 1517 296 ,
1556 247 1662 295 quod
1696 258 1776 288 non
1806 247 1861 287 sit
1888 246 2109 287 verisimile
2137 245 2400 299 peregrinum

148 302 208 352 >siu
232 302 386 367 Sparta
413 300 527 352 ducis
555 313 721 343 munere
751 302 927 343 functum
956 313 1060 345 esse.
1101 301 1343 343 Audiendus
1373 304 1439 342 est
1456 301 1702 352 Kohlmann,
1733 302 1845 352 quil.
1865 302 1891 342 l.
1910 314 1949 353 p.
1971 305 2043 342 37:
2077 303 2401 353 „Argumentum

83 395 97 410 „
160 357 325 401 maximi
356 357 548 409 ponderis
584 357 627 397 in
664 368 712 397 eo
749 356 886 398 inesse
921 360 1051 408 putat,
1090 357 1196 408 quod
1223 356 1461 398 incredibile
1490 357 1557 406 sit,
1592 360 1753 408 poetam
1781 356 1965 397 Atticum
1993 360 2065 397 aut
2092 355 2254 398 omuino
2280 366 2399 408 pare-
2469 362 2476 367 “
2513 331 2517 335 ”

88 450 91 453 ,
160 412 322 465 grimm
366 412 541 463 aliquem
579 411 709 453 officio
753 416 795 453 et
829 415 1035 464 potestate
1072 413 1181 454 inter
1217 412 1441 463 Spartanos
1480 413 1658 452 functum
1693 424 1798 462 esse,
1842 424 1922 461 qua
1960 411 2182 462 Tyrtaeum
2217 411 2401 453 functum

0 460 37 516 ‘3¹1
61 474 67 485 ²
83 498 98 522 4
147 468 348 518 sciamus,
378 478 468 508 cum
497 479 548 508 ne
577 467 678 509 civis
708 467 869 517 quidem
896 467 984 508 fieri
1013 468 1171 509 advena
1198 467 1331 518 possit
1359 467 1701 508 Lacedaemone.“
1745 468 1969 518 Tyrtaeum
1998 467 2105 507 enim
2133 466 2243 517 apud
2270 465 2399 507 Ince·

68 525 72 530 '
124 554 127 557 .
160 522 393 564 daemonios
429 534 475 563 re
510 534 611 563 vera
648 523 789 563 ducem
817 523 943 563 fuisse
981 534 1032 562 ex
1069 522 1268 563 Strabone
1296 522 1321 561 l.
1352 522 1379 561 1.
1417 526 1526 561 certo
1558 523 1727 571 scimus,
1769 534 1856 562 cum
1886 522 2017 561 dicat:
2052 517 2248 575 Τυρταῖός
2275 535 2400 585 φησιν

158 571 282 625 αὗτὸς
309 577 580 632 στρατηγῆσαι
606 575 676 617 τὸν
704 572 883 628 πόλεμον
910 580 997 625 τοῖς
1025 574 1422 629 Λακεδαιμονίοιςῑ).
1462 577 1699 617 Herodotus
1729 577 1889 626 quidem
1918 576 2018 617 dicit
2045 576 2126 618 IX.
2157 579 2229 616 35:
2259 590 2399 626 μουνοι

159 631 206 672 δὲ
227 630 276 686 δὴ
305 628 471 672 πάντων
499 627 732 686 ἀνθρώπιον
761 630 939 683 ἐγένοντο
970 622 1080 671 οὗτοι
1110 633 1182 684 (sc.
1214 627 1434 681 Τισάμενος
1458 631 1528 670 καὶ
1550 627 1716 683 (Ηγίας)
1734 627 2011 685 Σπαρτιήτῃσι
2029 630 2232 684 πολιῆται,
2263 634 2399 671 tumen

159 685 241 727 alia
275 687 460 737 exempla
496 698 585 726 eum
623 690 695 727 aut
722 686 933 737 ignorasse
962 690 1032 727 aut
1060 685 1293 738 neglexisse
1323 688 1516 736 apparet,
1556 686 1592 726 si
1621 686 1781 726 confers
1812 697 1915 735 quae
1944 685 2138 737 leguntur
2165 685 2273 736 apud
2301 684 2397 726 Ari-

160 740 349 782 stotelem
385 740 499 792 polit.
529 741 588 791 II,
631 745 731 781 612:
772 740 846 781 ἐπὶ
883 740 956 792 μὲν
992 742 1072 781 τῶν
1112 740 1319 795 προτέρων
1358 741 1558 791 βασιλέων
1598 740 1859 792 μετεδίδοσαν
1890 740 1966 791 (Sc.
1998 738 2035 780 οὶ
2057 735 2398 791 Λακεδαιμόνιοι)

157 795 207 835 ‘cv‘
209 811 230 844 ς
265 794 487 844 πολιτείας.
549 796 600 836 Id
636 807 732 837 vero
771 807 912 836 moneo
949 796 1314 845 Lacedaemonios,
1357 794 1437 835 nisi
1476 796 1726 847 Delphorum
1767 795 1920 836 oraculi
1960 794 2170 846 responsis
2211 795 2399 836 commoti

84 847 86 849 ’
159 853 317 902 essent,
347 850 566 892 Tisameno
604 855 646 892 et
684 850 848 903 Hegiae
885 863 1087 904 nunquam
1124 851 1288 893 civitate
1326 851 1544 892 donaturos
1583 851 1723 893 fuisse.
1782 851 1957 903 Spartae
1998 851 2127 900 enim,
2166 850 2262 902 quin
2290 850 2428 901 quic.

139 909 278 958 *quam
314 906 410 953 novi
437 908 481 947 in
508 918 554 947 re
581 906 743 958 publica
770 907 1039 958 reciperetur,
1082 907 1171 948 fieri
1199 906 1309 947 nullo
1337 909 1455 956 pacto
1484 907 1628 957 potuit,
1659 908 1774 958 prius
1806 919 1925 955 quam
1954 906 2205 957 Delphorum
2233 905 2398 947 oraculo

160 961 317 1003 iussum
342 962 412 1003 vel
441 961 638 1003 sancitum
668 965 793 1004 esset.

358 1016 609 1068 Quaeramus
637 1016 779 1066 igitur,
808 1028 902 1057 num
930 1029 1105 1066 unquam
1135 1016 1238 1056 alias
1266 1015 1416 1056 factum
1446 1017 1512 1067 sit,
1543 1021 1589 1057 ut
1604 1017 1858 1068 Delphorum
1887 1016 2039 1057 oraculi
2056 1016 2171 1056 iussu
2190 1015 2399 1068 peregrini

158 1074 303 1123 poetae
332 1071 521 1122 Spartam
558 1074 874 1113 arcesserentur.
930 1072 1074 1123 Neque
1103 1084 1129 1112 a
1158 1071 1413 1121 quaestione,
1454 1084 1572 1122 quam
1600 1072 1852 1112 instituimus
1865 1103 1874 1121 ,
1911 1071 2086 1112 alienum
2114 1070 2278 1112 videtur
2305 1082 2396 1112 con-

159 1126 354 1177 siderare,
385 1135 488 1177 quae
518 1126 684 1167 consilia
713 1126 921 1167 antistites
949 1126 1155 1177 Apollinis
1183 1127 1372 1178 Delphici
1401 1128 1560 1168 omnino
1590 1127 1721 1168 secuti
1750 1127 1843 1169 sint.

355 1182 538 1232 Delphos
586 1181 881 1233 antiquissimis
919 1182 1000 1222 iam
1049 1182 1298 1232 temporibus
1340 1194 1428 1222 cum
1477 1183 1529 1222 ad
1566 1183 1793 1222 Dorienses
1835 1186 1921 1222 tum
1960 1181 2012 1222 ad
2052 1181 2396 1222 Lacedaemonios

157 1236 405 1289 pertinuisse
434 1248 524 1277 cum
552 1236 715 1277 aliunde
744 1240 830 1277 tum
858 1248 881 1277 e
909 1236 1048 1278 fabula
1075 1236 1148 1277 illa
1176 1236 1314 1288 colligi
1342 1236 1449 1286 licet,
1481 1250 1559 1289 qua
1576 1236 1727 1288 Apollo
1746 1237 1920 1288 Pythius
1938 1238 1989 1277 iis
2007 1237 2051 1277 in
2068 1236 2397 1287 Peloponnesum

157 1291 237 1332 iter
273 1292 543 1344 ostendisse2)
584 1291 741 1333 dicitur.
798 1292 980 1343 Lycurgi
1019 1292 1181 1332 rhetras
1210 1296 1255 1331 ut
1283 1292 1596 1332 Lacedaemonii
1624 1292 1873 1342 acciperent,
1911 1291 2163 1342 Delphorum
2190 1290 2395 1332 oraculum

129 1345 131 1347 ’
157 1345 314 1395 sanxit;
328 1345 441 1395 quin
470 1346 593 1387 etiam
613 1345 783 1397 Delphis
801 1357 872 1387 eas
889 1346 1138 1397 excogitatas
1167 1358 1259 1386 esse
1287 1346 1495 1397 probabile
1525 1346 1640 1399 est3).
1683 1347 1867 1397 Delphos
1897 1359 1943 1387 eo
1970 1349 2178 1397 spectasse
2196 1346 2395 1399 videmus,

16 1425 20 1428 -
83 1425 87 1430 ·
156 1404 203 1442 ut
230 1401 640 1442 Lacedaemoniorum
687 1401 832 1442 civitas
869 1401 1006 1442 valida
1042 1401 1161 1442 fieret
1199 1401 1588 1452 provehereturque3
1632 1401 1857 1443 adversarii
1897 1413 1993 1443 vero
2035 1404 2081 1442 ut
2121 1404 2394 1453 carperentur,

78 2909 89 2912 *¹
156 2910 405 2981 btvooxpmmgv·

156 1455 502 1506 distraherentur,
542 1456 909 1507 supprimerentur3
948 1457 1054 1496 unde
1092 1457 1343 1507 exploratum
1380 1456 1508 1496 habeo
1547 1469 1617 1497 eos
1656 1457 1871 1507 Spartanis
1909 1457 1951 1496 in
1981 1455 2159 1497 Graecia
2201 1467 2396 1496 summam

156 1510 317 1562 imperii
354 1511 534 1552 tribuere
573 1522 732 1562 semper
761 1510 978 1552 studuisse.
1037 1510 1156 1563 Quod
1193 1523 1311 1560 quam
1350 1512 1399 1551 ob
1441 1523 1526 1551 rem
1555 1513 1703 1552 factum
1734 1512 1810 1561 sit,
1850 1512 1929 1552 etsi
1958 1515 2068 1552 certo
2099 1510 2182 1551 dici
2210 1514 2396 1560 nequeat,

156 1568 293 1607 tamen
322 1566 427 1617 quod
455 1566 583 1606 conici
610 1566 743 1616 liceat,
773 1566 816 1606 in
845 1567 1019 1606 medium
1045 1567 1310 1617 proferamus.
1351 1566 1466 1606 Fieri
1496 1567 1602 1607 enim
1630 1567 1774 1617 potuit,
1804 1570 1850 1607 ut
1876 1566 1919 1607 in
1947 1565 2125 1607 Graecia
2141 1565 2395 1617 Delphorum

87 1645 91 1648 -
133 1620 364 1664 antistites
402 1619 545 1662 foedus
582 1621 749 1662 inierint
785 1624 857 1662 aut
893 1621 1075 1662 consulto
1113 1625 1184 1662 aut
1222 1625 1369 1661 natura
1407 1622 1523 1670 quasi
1553 1622 1652 1662 duce
1691 1634 1780 1662 cum
1807 1621 2092 1671 potentissima
2120 1619 2320 1661 Graeciae
2347 1626 2393 1660 re

156 1675 328 1726 publica.
386 1674 524 1725 Atque
566 1676 603 1715 si
641 1676 702 1715 ita
741 1676 986 1726 iudicamus,
1028 1676 1236 1716 antistites
1265 1675 1487 1727 Delphicos
1526 1688 1624 1717 suae
1663 1677 1792 1728 magis
1830 1688 1948 1726 quam
1984 1674 2394 1717 Lacedaemoniorum

158 1729 327 1771 utilitati
355 1731 609 1774 consuluisse
638 1743 861 1771 censemus.
909 1730 1107 1771 Attamen
1135 1731 1236 1771 nihil
1265 1732 1413 1780 obstat,
1443 1732 1655 1780 quominus
1685 1731 1893 1771 antistites
1921 1734 2111 1781 putemus
2140 1730 2192 1771 ad
2219 1730 2395 1771 salutem

155 1784 283 1825 totius
312 1784 511 1826 Graeciae
541 1786 783 1827 servandam
799 1785 1134 1826 Lacedaemoniis
1164 1785 1328 1835 favisse,
1361 1785 1507 1837 quippe
1537 1786 1605 1835 qui
1634 1786 1812 1836 antiquis
1841 1786 2021 1827 moribus
2051 1786 2202 1836 optime
2221 1784 2395 1825 servatis

157 1852 208 1880 ex
232 1840 414 1880 omnibus
432 1840 705 1881 Doriensibus
734 1840 906 1881 maxime
934 1840 1174 1881 viderentur
1200 1840 1335 1881 idonei
1364 1841 1415 1880 ad
1443 1841 1716 1893 principatum
1744 1841 1869 1882 totius
1889 1839 2091 1882 Graeciae
2120 1839 2393 1881 obtinendum.

355 1905 437 1947 Sed
476 1919 542 1947 res
579 1907 692 1957 ipsa,
731 1919 850 1956 quam
886 1907 952 1947 hic
989 1907 1258 1947 adhibendam
1288 1918 1380 1947 esse
1410 1919 1668 1957 censeamus,
1711 1920 1799 1948 cum
1828 1909 1998 1957 constet,
2029 1918 2106 1949 nec
2133 1905 2297 1947 dubium
2326 1906 2393 1956 sit,

158 1961 254 2012 quin
282 1961 533 2013 Delphorum
569 1962 776 2003 antistites
806 1961 977 2013 Spartae
1014 1961 1213 2003 faverint:
1252 1973 1298 2002 eo
1338 1966 1612 2012 revertamur,
1652 1963 1758 2003 unde
1800 1963 1980 2015 digressi
2011 1974 2162 2004 sumus.
2220 1961 2394 2011 Saepius

159 2016 266 2057 enim
296 2028 346 2057 ea
373 2028 418 2056 re
446 2015 596 2068 Pythia
613 2017 956 2057 Lacedaemonios
985 2017 1153 2066 adiuvit,
1184 2017 1289 2067 quod
1317 2016 1427 2057 viros
1457 2017 1705 2067 nominabat,
1737 2018 1806 2067 qui
1835 2018 1895 2058 rei
1920 2018 2105 2068 publicae
2123 2015 2393 2057 labefactatae

158 2074 450 2113 succurrerent.
496 2071 635 2121 Atque
666 2075 761 2112 ante
788 2072 1012 2123 Tyrtaeum
1028 2071 1254 2123 Lycurgus,
1285 2071 1536 2122 Terpander,
1568 2072 1766 2113 Thaletas
1795 2073 1911 2114 iussu
1941 2073 2094 2113 oraculi
2122 2071 2184 2111 rei
2212 2070 2394 2123 publicae

158 2127 319 2168 morbos
347 2126 462 2168 velut
490 2126 675 2179 medici⁴)
703 2130 965 2169 sanaverunt.

353 2191 551 2233 Remedia
578 2195 725 2243 autem,
756 2204 858 2243 quae
888 2193 1093 2234 oraculum
1119 2193 1328 2243 praecepit
1357 2204 1515 2243 semper
1544 2193 1670 2234 animi
1700 2198 1829 2235 erant.
1887 2194 2038 2235 Poesin
2069 2194 2175 2235 enim
2203 2198 2392 2246 artesque

158 2246 332 2288 musicas
360 2247 493 2288 colere
522 2247 654 2289 iussit.
712 2247 780 2289 Sic
808 2247 1034 2298 discordiis,
1063 2248 1289 2298 pestibus,¹
1310 2248 1601 2299 seditionibus,
1632 2251 1753 2290 rebus
1781 2249 1824 2290 in
1851 2250 1958 2291 bello
1987 2249 2172 2292 adversis
2201 2248 2394 2291 afflictam
2417 2287 2421 2290 .

159 2301 366 2344 civitatem
393 2302 674 2345 restituerunt.
714 2302 854 2356 Atque
882 2315 908 2345 a
930 2303 1121 2356 Lycurgo
1151 2315 1230 2344 non
1260 2304 1389 2345 solum
1418 2304 1530 2356 leges
1560 2305 1679 2355 latae,
1710 2306 1783 2347 sed
1812 2305 1934 2346 etiam
1962 2305 2202 2356 rhapsodiae
2219 2305 2392 2346 Homeri

88 2372 104 2383 ·
157 2358 201 2399 in
229 2358 592 2400 Lacedaemoniam
629 2360 891 2400 transductae
927 2362 1023 2399 sunt
1037 2359 1080 2406 ⁵).
1138 2358 1331 2400 Gravitas
1360 2363 1402 2399 et
1430 2360 1659 2401 constantia
1687 2360 2113 2410 Lacedaemoniorum,
2152 2371 2392 2424 quamquam

156 2412 266 2454 inter
300 2412 476 2455 virtutes
512 2414 785 2456 numerandae
824 2417 940 2465 sunt,
978 2417 1111 2455 tamen
1149 2426 1219 2454 eos
1253 2414 1565 2465 prohibuerunt,
1605 2416 1816 2466 quominus
1856 2416 1961 2465 quod
1999 2415 2144 2465 reliqui
2172 2414 2320 2456 Graeci
2348 2414 2392 2455 in

158 2467 313 2509 artibus
342 2468 551 2520 literisque
579 2469 857 2520 profecerunt,
895 2470 1102 2520 proprium
1132 2469 1209 2509 sibi
1237 2469 1429 2512 facerent.
1487 2470 1625 2510 Facile
1662 2471 1793 2522 igitur
1820 2470 1910 2511 fieri
1937 2470 2079 2522 potuit,
2117 2474 2162 2510 ut
2191 2469 2392 2511 Lacedae·

156 2522 282 2564 monii
309 2534 389 2564 non
419 2524 547 2565 solum
575 2524 760 2565 bellicosi
789 2525 863 2566 sed
890 2524 1012 2565 iidem
1040 2524 1202 2565 barbari
1233 2525 1376 2565 merito
1395 2525 1706 2576 appellarentur.
1739 2526 1843 2566 Tum
1861 2526 2140 2576 Terpandrum
2156 2524 2395 2578 Lesbium‘)

356 2654 381 2717 ἒ)
405 2655 446 2691 cf.
470 2656 571 2689 etiam
595 2656 826 2690 Philochorum
850 2656 937 2699 apud
959 2656 1168 2690 Athenaeum
1192 2656 1271 2689 XIV
1293 2668 1324 2698 p.
1349 2658 1412 2691 630
1436 2657 1473 2691 F.
1496 2652 1555 2696 τὴν
1583 2660 1747 2700 Τυρταίου
1771 2661 1979 2701 στρατηγίαν.

354 2699 381 2784 ⁸3
404 2699 455 2776 ge
469 2699 1166 2787 IfffiffgoGfflchhqlirtfflgthGran{⁸030}
1192 2744 1254 2777 170
1278 2746 1312 2776 et
1338 2745 1409 2777 186.
1463 2744 1582 2777 Miiller
1614 2745 1692 2777 Dor.
1715 2745 1732 2777 1
1755 2756 1784 2786 p.
1811 2745 1944 2786 137sq.
1991 2744 2094 2777 Grote
2117 2744 2250 2779 Griech.
2273 2744 2394 2779 Gesch.

157 2786 254 2828 (vern.
277 2786 403 2826 Germ.)
425 2787 443 2819 Ι
464 2797 495 2829 p.
521 2789 595 2822 559.
640 2786 772 2820 Gilbert
803 2787 955 2829 altepart.
988 2787 1106 2820 Gesch.
1130 2798 1161 2829 p.
1185 2787 1347 2821 80—120.
1395 2787 1514 2820 Gelzer
1537 2788 1618 2820 iiber
1641 2788 1699 2821 das
1722 2787 1918 2830 Delphische
1943 2787 2064 2821 Orakel
2087 2787 2207 2822 Rhein.
2229 2788 2315 2824 Mus.
2340 2789 2393 2823 73.

155 2830 278 2873 Bergk
303 2829 584 2916 Gr²)L-AePl-ia?¹7}·
608 2875 649 2910 Η,
673 2875 739 2924 ’ΧῙῙ
763 2877 824 2924 502
867 2874 1022 2907 Λακεδαι
1052 2869 1136 2907 ὀνιοι
1227 2877 1484 2924 ,αετεπέμποιτο
1517 2877 1626 2912 ξένους
1659 2873 1784 2924 ἰένιξρας
1814 2871 1889 2906 οἷον
1912 2870 2044 2925 ἰατροὺς
2067 2874 2086 2917 ἢ
2110 2871 2282 2921 καθαρτὰς
2305 2870 2390 2908 arma*

407 2919 691 2995 ςθιετεπέιιιψαντο
721 2929 759 2960 γε
781 2930 851 2963 μην
878 2921 1012 2963 Τέρπαν
1036 2930 1096 2963 ρον
1118 2921 1174 2950 καὶ
1200 2921 1331 2960 Θαλητα
1355 2921 1411 2951 καὶ
1434 2922 1596 2964 Τυρταῖον
1618 2922 1672 2951 καὶ
1690 2932 1748 2951 τον
1770 2917 1992 2961 Κυδωνιατην
2015 2923 2214 2964 Νυμφαῖον.

371 2962 384 3005 )
451 2962 501 2996 olf
519 2963 608 2998 Ptol.
631 2963 674 2996 ad
697 2963 793 2997 Hom.
817 2962 998 2999 CXXXIX.

99 3027 101 3031 .
354 3004 381 3048 ⁸)
405 3005 637 3041 Westermann
666 3001 850 3084 ,Btoygawm
871 3008 906 3041 II
929 3010 980 3043 36.
1035 3008 1225 3042 Athenaeus
1256 3008 1334 3041 XIV
1359 3009 1421 3042 635
1446 3009 1481 3042 Ε.
1537 3009 1625 3043 Plut.
1650 3019 1731 3042 muS.
1756 3019 1787 3050 p.
1813 3009 1907 3042 1132.
1964 3009 2083 3042 Aelian
2106 3009 2147 3043 V.
2173 3010 2216 3044 H.
2240 3010 2316 3049 ΧΠ,
2340 3012 2393 3044 50.
2464 2984 2466 2987 v

157 3049 260 3085 clem.
285 3049 379 3083 Alex.
403 3049 522 3085 Strom.
546 3051 564 3084 1
586 3051 652 3085 333
674 3051 714 3085 Δ.
767 3077 775 3086 .
2393 3075 2395 3077 -

2452 3274 2496 3349 ᾗῇ,
2457 3238 2477 3246 .’
2453 3207 2457 3209 ’

2533 3057 2591 3349 msa:
2584 2971 2591 2986 ,.
2583 2924 2591 2948 ..
2589 2807 2591 2809 ,
