2591 3349
51 2707 54 2708 ⁷
123 2665 199 2703 est.
257 2661 405 2712 Neque
435 2661 587 2712 dubito,
619 2661 716 2712 quin
744 2662 807 2711 id,
845 2662 949 2711 quod
979 2662 1095 2702 modo
1124 2663 1285 2712 protuli,
1319 2661 1490 2702 maxime
1518 2661 1680 2711 placeat
1708 2662 1780 2711 iis,
1813 2661 1881 2711 qui
1910 2662 2132 2711 Tyrtaeum
2159 2661 2364 2702 Lacedae·
2416 2668 2421 2670 “

45 254 50 262 ·
82 267 89 277 ‹
128 218 223 288 1·.·.1
245 257 286 297 p.
316 247 369 287 23
398 248 443 286 et
468 245 761 291 Kohlmannl.
792 246 818 289 1.
847 258 885 297 p.
917 250 967 287 36
999 259 1057 296 sq.
1088 246 1274 296 afferunt,
1304 214 1568 300 Tyrtaeum¹)
1597 246 1796 298 syllabam
1824 263 1882 295 ας
1913 247 1939 290 1,
1970 259 2005 290 e.
2040 242 2374 308 1011010011οΜ

66 326 71 329 -
108 299 350 345 »00011110ὼί
375 299 534 351 primae
563 299 846 341 declinationis
874 300 1286 341 Lacedaemoniorum
1313 301 1464 355 more')
1502 302 1713 353 corripere.
1770 295 1911 344 Etiam
1944 301 1987 343 id
2014 304 2179 344 monent
2204 298 2368 344 Hoelbe

88 371 91 373 “
114 356 172 405 *et
197 353 435 395 Kohlmann
462 354 687 406 Tyrtaeum
718 359 782 406 ,,ι“
813 356 855 395 10
884 359 947 408 Κρ
950 354 1108 408 om'wv’)
1137 367 1218 396 non
1247 356 1492 406 p1·:oducere
1527 356 1746 397 abhorrere
1774 356 1816 397 id
1844 370 1870 398 a
1898 356 2189 398 consuetudine
2215 356 2373 409 Home-7

127 410 225 464 rica,
255 408 386 450 solum
414 413 550 451 autem
576 409 839 462 Pindarum⁴)
867 409 998 451 tribus
1027 410 1127 451 10015
1145 412 1328 463 Κρονῖων
1357 411 1520 453 dixisse
1565 410 1691 464 Cujus
1720 411 1950 464 argumenti
1979 411 2166 465 gravitas
2192 410 2399 463 tollitur,

107 474 219 505 -011111
243 467 481 516 reputemus
510 464 616 505 idem
634 480 648 504 ι
676 465 719 505 10
748 465 910 506 casibus
940 465 1114 529 obliquis
1153 478 1311 518 semper
1344 466 1430 507 fere
1459 466 1618 518 corripi,
1648 467 1804 508 duobus
1832 470 1990 508 tantum
2018 465 2158 520 100155)
2184 466 2432 519 11100001,

127 518 248 561 Unde
275 519 505 572 colligimus
533 521 716 573 Κρονῖων
744 524 786 560 01
813 524 998 572 Κρονῑων
1026 521 1070 561 10
1098 533 1175 562 050
1204 520 1344 570 fuisse,
1374 525 1517 572 poetas
1547 522 1695 572 autem,
1725 534 1799 572 pro
1827 526 1874 562 ut
1901 522 2021 562 metri
2048 533 2175 562 causa-
2198 520 2251 562 iis
2274 532 2366 563 con·
2430 524 2436 566 ἶ

127 573 302 622 venerit,
330 574 436 622 hanc
463 575 530 615 vel
557 574 666 615 illam
696 575 864 614 formam
894 576 1140 616 adhibuisse.
1188 576 1271 617 Sed
1300 576 1473 616 concedo
1502 576 1724 639 Tyrtaeum
1752 576 1818 617 hic
1844 576 1928 616 illic
1955 575 2096 617 formis
2125 575 2365 632 quibusdam

129 638 249 670 usum
278 640 384 679 0550,
415 640 518 678 quae
546 629 882 670 Lacedaemoniis
910 631 1097 681 propriae
1128 634 1264 679 erant3
1294 642 1424 681 neque
1454 631 1560 671 enim
1591 630 1692 671 satis
1720 631 1846 680 valet,
1876 631 1973 680 quin
2002 631 2223 681 Tyrtaeum
2249 641 2365 681 pere-

125 681 289 746 grinum
326 683 586 734 appellemus.
644 684 715 724 An
753 684 898 724 mirum
936 689 1021 734 est,
1061 697 1148 725 cum
1186 688 1507 734 unumquemque
1544 684 1654 725 illius
1682 685 1870 737 linguae,
1913 697 2032 734 quam
2061 684 2210 725 cotidie
2237 684 2364 735 audit,

125 736 400 788 proprietates
429 749 636 779 assumere
664 739 888 788 videamus,
919 740 1152 791 Ty1taeum,
1183 740 1306 780 etiam
1337 739 1372 779 si
1397 743 1520 790 certa,
1539 751 1653 803 ’quae
1678 739 1875 780 dialectus
1900 740 1943 780 in
1968 739 2113 791 elegiis
2137 739 2366 781 adhibenda

126 795 260 842 esset,
297 792 390 844 lege
427 793 622 844 alligatus
660 798 769 844 erat,
811 806 891 834 non
933 795 1068 845 plures
1110 795 1307 835 dorismos
1346 794 1618 846 assumpsisse
1656 795 1699 835 in
1736 795 1881 846 elegiis
1919 793 2182 849 canendis⁸)?
2220 794 2364 844 Neque

126 847 229 889 adeo
257 848 421 889 videtur
448 847 630 898 ineptum
659 849 753 890 inde
784 849 966 890 conicere
995 853 1155 900 poetam
1184 861 1264 890 non
1293 850 1679 901 Lacedaemonium,
1717 850 1937 890 verisimile
1966 849 2125 891 Ionium
2152 860 2257 891 esse.
2314 849 2365 890 Id

125 907 236 945 certe
272 902 453 955 profecto
492 903 763 955 demonstrat,
804 906 877 945 hoc
914 917 1085 956 poeseos
1123 918 1251 957 genus
1291 918 1341 946 ex
1378 906 1515 956 Ionia,
1555 905 1590 945 si
1624 905 1752 947 mavis
1782 907 1833 946 ab
1861 905 2012 955 Ioniis,
2051 909 2257 956 receptum
2285 916 2365 945 non

124 959 234 1009 apud
263 958 375 1009 ipsos
393 958 734 999 Lacedaemonios
764 963 895 1000 ortum
924 972 1026 1000 esse.
1069 960 1305 1011 Elegiarum
1336 960 1441 1001 enim
1468 960 1610 1011 poesin
1640 972 1837 1023 nusquam
1866 960 2098 1011 popularem
2128 960 2200 1000 sed
2217 959 2364 1010 ubique

85 1020 88 1021 ’
125 1016 215 1054 arte
244 1016 286 1053 et
303 1012 489 1053 doctrina
506 1013 655 1054 cultam
673 1026 765 1054 esse
784 1015 977 1055 videmus.
1023 1015 1139 1066 Quod
1159 1015 1226 1064 qui
1251 1015 1418 1064 tenebit,
1449 1015 1677 1055 Thierschii
1701 1015 1929 1065 opinionem
1959 1026 2005 1054 eo
2024 1014 2157 1077 magis
2174 1014 2364 1055 caducam

125 1068 329 1117 concedet,
360 1079 449 1107 cum
480 1068 608 1108 dicat·
643 1069 836 1132 „Tyrtaei
866 1069 1044 1110 carmina
1062 1071 1353 1120 Spartanorum
1382 1070 1544 1121 ingenio
1573 1073 1671 1110 nata
1700 1081 1804 1110 esse.
1812 1072 1830 1091 ‘⁴
1864 1068 1980 1121 Quae
2009 1069 2116 1110 enim
2135 1081 2238 1121 gens
2255 1068 2366 1110 canit

124 1122 305 1163 carmina
332 1123 547 1173 popularia
574 1125 794 1175 peregrina
822 1126 864 1164 in
894 1125 1086 1164 dialecto!

324 1177 523 1218 Thiersch
560 1183 695 1219 autem
734 1191 822 1219 cum
859 1184 1156 1230 pentametrum
1193 1179 1279 1219 fere
1318 1180 1497 1231 ejusdem
1535 1192 1623 1219 cum
1658 1152 1892 1219 hexametro
1923 1191 2014 1219 esse
2045 1179 2214 1230 originis
2243 1183 2364 1228 atque

126 1232 279 1273 aetatis
309 1236 395 1272 tum
426 1233 611 1284 gnomica
640 1234 818 1273 carmina
847 1234 963 1297 quasi
994 1234 1150 1274 semina
1178 1235 1386 1275 literarum
1416 1234 1664 1275 Graecarum
1693 1246 1784 1274 esse
1815 1236 1965 1275 censet.
2006 1235 2229 1274 Homerum
2258 1234 2364 1274 enim

122 1287 431 1336 Hesiodumque
471 1288 716 1329 carminibus
754 1290 970 1340 gnomicis,
1009 1301 1112 1338 quae
1152 1291 1337 1330 omnibus
1375 1289 1619 1329 fuissentin
1648 1301 1738 1336 ore,
1780 1289 1822 1328 in
1852 1289 2138 1351 componendis
2166 1290 2363 1339 poematis

124 1354 222 1384 usos
253 1353 346 1382 esse
376 1346 418 1382 et
446 1354 468 1382 e
496 1343 681 1393 pluribus
712 1348 753 1383 et
783 1344 957 1384 diversis
988 1344 1218 1384 continuam
1249 1345 1367 1384 unius
1398 1344 1586 1385 carminis
1617 1343 1762 1384 seriem
1798 1343 1994 1383 nexuisse.
2053 1343 2166 1393 Quod
2195 1355 2283 1384 cum
2312 1343 2364 1392 ad

125 1401 305 1439 nostram
343 1398 622 1447 quaestionem
652 1410 730 1438 non
760 1399 985 1449 pertineat,
1015 1399 1090 1438 hoc
1119 1400 1204 1439 loco
1234 1399 1648 1449 piaetermittendum,
1684 1402 1864 1438 attamen
1894 1399 1944 1438 de
1974 1410 2023 1438 ea
2052 1398 2255 1438 sententia
2283 1398 2366 1438 dis·

122 1453 346 1505 putandum
380 1452 562 1502 videtur,
602 1465 721 1502 quam
760 1454 864 1493 idem
908 1454 971 1493 vir
1008 1454 1150 1494 doctus
1189 1454 1238 1493 de
1276 1453 1418 1505 elegiis
1455 1453 1629 1504 profert3
1672 1465 1772 1502 quas
1802 1453 1942 1493 eadem
1970 1452 2129 1493 ratione
2159 1453 2362 1494 exstitisse

124 1508 279 1549 iudicat
307 1508 379 1558 ita,
410 1512 457 1547 01
486 1507 654 1558 Tyrtaei
683 1509 862 1548 carmina
891 1510 1078 1548 constent
1107 1520 1129 1548 e
1159 1509 1257 1549 locis
1288 1509 1559 1548 communibus
1588 1512 1712 1548 antea
1741 1507 1961 1559 separatim
1988 1508 2182 1559 vulgatis,
2218 1508 2363 1549 deinde

125 1562 236 1604 inter
265 1574 309 1603 se
339 1575 365 1603 a
391 1566 514 1613 poeta
543 1563 778 1614 conjunctis.
828 1563 946 1615 Quod
977 1564 1012 1603 si
1040 1576 1178 1603 verum
1212 1568 1334 1612 esset,
1365 1564 1540 1603 minores
1570 1563 1725 1614 elegias
1760 1564 1872 1613 prius
1901 1575 2019 1611 quam
2047 1563 2217 1603 Homeri
2245 1563 2363 1615 rhap-

124 1618 261 1660 sodias
299 1618 505 1670 longiores
543 1618 748 1658 exstitisse
789 1618 975 1669 oportuit.
1033 1619 1131 1658 dam
1169 1618 1449 1659 Thierschium
1488 1618 1529 1658 in
1560 1618 1831 1658 concludendo
1862 1630 2019 1658 errasse
2049 1630 2129 1658 0011
2159 1618 2362 1669 miramur,

124 1678 213 1713 cuin
242 1673 349 1713 falsa
377 1673 565 1723 opinione
595 1673 645 1712 de
675 1674 897 1724 elegiarum
928 1673 1087 1724 origine
1118 1674 1342 1714 duceretur

320 1728 419 1778 Ipse
448 1726 645 1768 Thiersch
685 1740 782 1769 suae
812 1728 1013 1778 opinionis
1052 1740 1229 1768 errorem
1267 1727 1452 1778 patefieri
1481 1727 1650 1778 Tyrtaei
1686 1727 1858 1768 dialecto
1889 1727 2117 1777 suspicatus
2147 1740 2237 1767 esse
2267 1727 2364 1767 mihi

121 1783 296 1823 videtur.
355 1783 405 1821 Id
436 1783 555 1829 enim,
587 1783 693 1830 quod
723 1795 849 1833 supra
878 1783 1063 1830 diximus,
1094 1783 1367 1822 necessarium
1397 1795 1488 1822 esse
1518 1782 1559 1821 in
1589 1782 1703 1833 poesi
1731 1782 1914 1832 populari
1943 1782 2176 1832 popularem
2206 1793 2363 1832 quoque

123 1837 150 1880 i.
182 1849 215 1878 0.
244 1836 421 1888 patriam
450 1837 665 1877 dialectum
695 1837 891 1885 adhiberi,
928 1837 1110 1886 quamvis
1140 1850 1214 1877 nec
1243 1838 1363 1887 plane
1393 1838 1637 1888 cogitaverit
1665 1849 1739 1876 nec
1768 1836 1887 1885 dicat,
1918 1839 2055 1876 tamen
2085 1836 2363 1877 Thierschium

122 1892 305 1933 sensisse
343 1892 437 1932 inde
477 1891 665 1943 intellegi
702 1892 901 1941 existimo,
942 1893 1046 1941 quod
1086 1905 1124 1943 p.
1165 1897 1243 1933 605
1284 1892 1430 1932 refert:
1468 1891 1653 1942 „Achaei
1692 1891 1799 1932 enim
1835 1891 2014 1943 superati
2044 1898 2161 1932 erant
2189 1893 2363 1933 nondum

121 1947 293 1989 extincti
324 1978 332 1986 .
365 1981 374 1989 .
406 1977 414 1986 .
457 1951 647 1986 manente
676 1951 808 1987 autem
841 1948 1091 1987 Achaeorum
1120 1948 1281 1998 populo,
1312 1948 1494 1999 quamvis
1523 1959 1666 1987 nomen
1696 1950 1878 1987 cessaret
1906 1951 1947 1987 et
1970 1958 2109 1987 omnes
2127 1947 2171 1988 in
2187 1947 2363 1987 Doricae

124 2005 263 2055 gentis
281 2002 593 2057 appellationem
611 2002 901 2053 reciperentur,
920 2003 1069 2043 mansit
1087 2003 1207 2042 etiam
1227 2003 1392 2053 linguae
1411 2014 1547 2042 eorum
1565 2014 1663 2043 usus
1676 2002 1718 2042 in
1731 2002 1975 2042 carminibus
1989 2005 2031 2042 et
2041 2002 2360 2053 intellegentia.“

121 2057 277 2108 Quibus
307 2057 427 2097 dictis
457 2069 572 2107 quam
602 2057 696 2097 aliis
726 2058 825 2097 locis
855 2063 965 2097 recte
995 2057 1148 2107 epicam
1179 2058 1401 2107 appellavit
1429 2057 1655 2106 dialectum,
1687 2068 1776 2096 eam
1794 2057 1968 2107 Spartae
1986 2056 2160 2107 patriam
2178 2060 2220 2097 et
2235 2068 2363 2107 popu—

119 2112 247 2154 larem
275 2111 405 2153 fuisse
436 2111 715 2152 demonstrare
745 2116 922 2152 conatur.
982 2111 1203 2162 Compares
1234 2124 1302 2157 ea,
1343 2124 1445 2160 quae
1475 2112 1671 2152 Thiersch
1713 2125 1751 2162 p.
1783 2115 1861 2152 603
1893 2111 2010 2151 dicit:
2052 2111 2225 2161 „atenim
2255 2111 2364 2151 dicat

121 2167 284 2216 aliquis,
316 2166 353 2207 si
381 2166 484 2217 ipsis
513 2167 729 2216 Spartanis
758 2167 783 2207 i.
805 2179 839 2208 e.
871 2167 1143 2207 Doriensibus
1173 2166 1353 2206 carmina
1381 2167 1592 2216 debentur,
1623 2167 1691 2216 qui
1719 2165 1808 2206 fieri
1836 2166 1980 2216 potuit,
2011 2169 2056 2205 ut
2084 2165 2254 2206 dialecto
2283 2177 2364 2207 non

119 2221 256 2273 patria
284 2220 357 2262 sed
378 2221 519 2261 Ionica
545 2221 908 2271 perscriberentur.
959 2222 1040 2261 Hic
1068 2222 1240 2272 p1imum
1270 2222 1566 2262 observandum
1595 2228 1656 2261 est
1686 2221 1791 2261 falso
1821 2220 2037 2261 dialectum
2067 2220 2145 2261 dici
2173 2220 2362 2271 Ionicam,

120 2288 228 2327 quae
263 2288 285 2317 e
315 2276 379 2317 ica
416 2276 496 2316 dici
534 2276 691 2318 debet.“
751 2278 919 2326 Ambos,
951 2289 1050 2326 quos
1081 2277 1349 2326 laudavimus,
1386 2277 1495 2317 locos
1524 2276 1629 2316 inter
1658 2288 1702 2317 se
1737 2287 1830 2317 esse
1859 2276 2066 2327 oppositos
2094 2276 2183 2316 luce
2213 2275 2363 2317 clarius

121 2335 197 2375 est.
237 2330 279 2373 A
338 2331 549 2384 quisquam
580 2331 733 2383 epicam
763 2332 788 2373 i.
821 2345 853 2373 e.
884 2336 973 2373 arte
1003 2332 1045 2372 in
1074 2332 1192 2373 Ionia
1221 2333 1421 2373 excultam
1451 2332 1664 2372 dialectum
1694 2331 1799 2384 apud
1816 2331 2160 2372 Lacedaemonios
2188 2331 2363 2382 patriam

119 2387 248 2429 fuisse
277 2388 522 2428 contendere
550 2387 712 2437 possit?

278 2442 281 2446 '
317 2441 369 2483 Id
405 2441 534 2494 igitur
569 2442 696 2483 habeo
735 2444 1036 2493 comprobatum
1077 2454 1126 2483 ex
1156 2442 1329 2493 Tyrtaei
1359 2441 1533 2482 dialecto
1565 2442 1723 2483 elucere
1753 2442 1909 2493 elegias
1938 2454 2019 2482 000
2047 2442 2139 2492 ipsa
2166 2442 2209 2482 in
2237 2442 2363 2482 Lace-

120 2498 316 2539 daemone
355 2508 448 2537 esse
486 2501 619 2547 ortos,
660 2498 731 2537 sed
769 2498 844 2538 hoc
883 2509 1012 2549 genus
1053 2509 1224 2548 poeseos
1262 2509 1312 2537 ex
1348 2497 1475 2537 Jonia
1513 2509 1605 2537 esse
1642 2497 1906 2547 translatum,
1945 2500 2065 2549 atque
2095 2496 2131 2536 si
2160 2496 2377 2547 Tyrtaeus-

121 2551 468 2594 Lacedaemonius
497 2553 597 2602 fuit,
634 2556 705 2592 aut
746 2553 835 2603 ipse
865 2553 906 2593 in
937 2553 1091 2593 Ioniam
1120 2553 1326 2603 profectus
1356 2552 1498 2592 didicit
1528 2552 1743 2592 dialectum
1772 2556 1815 2593 et
1842 2552 2072 2602 rhythmum
2103 2555 2144 2591 et
2173 2552 2364 2592 musicam

120 2607 369 2659 elegiarum,
409 2610 481 2647 aut
509 2609 560 2647 ab
589 2607 740 2656 IoniiS,
783 2608 850 2656 qui
879 2608 921 2647 in
953 2607 1169 2647 Graeciam
1198 2608 1498 2658 migraverunt,
1536 2606 1706 2646 dialecto
1736 2607 1876 2647 Ionica
1905 2611 1946 2646 et
1974 2606 2121 2647 ceteris
2150 2605 2364 2647 institutus

318 2748 345 2791 ¹)
367 2749 490 2792 Bergk.
513 2749 554 2782 P-
577 2749 613 2783 L.
637 2749 683 2783 ll.
706 2760 736 2792 p.
760 2749 824 2783 394
843 2747 1297 2792 Τγτ1.1τ.4,.5,ἕπειιιιδὲ
1321 2747 1391 2792 ὃημ
1396 2742 1472 2785 crug-
1496 2744 1639 2792 (ἰνδριις“
1662 2751 1738 2796 etp
1741 2749 1841 2797 .396,
1862 2750 1901 2782 17
1924 2746 2110 2787 „detractas-
2132 2741 2361 2791 οἰμώζοντες.

318 2792 344 2834 ²)
368 2792 535 2826 Herodian
558 2795 634 2834 περὶ
657 2787 828 2836 διχρόνων
852 2794 884 2825 in
910 2793 1056 2826 Crameri
1079 2793 1191 2827 anecd.
1216 2794 1315 2826 Oxon.
1331 2793 1383 2825 III
1407 2787 1675 2834 Ρ.296,17.τὸ
1698 2760 1937 2834 ἐκτειτὸμενον
1949 2804 1970 2822 α
1993 2792 2294 2830 ἐπὶπληθυντικῶν
2311 2794 2363 2822 αἰ-

117 2847 274 2869 “mmm
296 2838 489 2923 οξ)ΔΒαὲε1,“ἔί,
503 2823 744 2923 “leoffiui'fmi
751 2881 815 2915 393
839 2875 1145 2918 ΐΥ.2,1.-11’τὸς
1168 2892 1233 2923 γαρ
1257 2883 1423 2923 Ι1’((”.)ονιω1

317 2922 345 2966 ⁴)
367 2924 465 2958 Pind.
489 2924 589 2967 Pyth.
612 2926 644 2963 4,
668 2926 720 2959 39.
765 2925 860 2957 Nem.
888 2927 915 2964 l,
940 2926 991 2958 23.
1038 2926 1068 2963 9,
1094 2925 1145 2958 66.

318 2967 344 3010 ¹⁵)
367 2968 465 3004 Hom.
490 2968 531 3002 Il.
559 2968 610 3008 14,
634 2969 709 3003 247.
756 2968 816 3002 Od.
842 2970 893 3008 11,
917 2970 990 3003 620.

318 3011 347 3055 ⁶)
369 3012 412 3046 cf.
435 3013 602 3055 Philolog.
626 3013 651 3047 1
676 3024 708 3056 p.
733 3013 796 3047 588
823 3013 904 3052 „Die
927 3013 1073 3046 ionische
1097 3012 1241 3055 Sprache
1263 3012 1321 3045 der
1345 3012 1461 3054 Elegie
1491 3013 1551 3046 hat
1574 3012 1631 3045 hin
1655 3012 1721 3046 und
1744 3012 1864 3047 wieder
1887 3011 1950 3046 den
1973 3010 2246 3046 Landesidiomen
2269 3012 2364 3046 einen

119 3057 253 3094 kleinen
275 3056 462 3118 Spielraum
486 3057 761 3101 gegonnt.1{at
785 3039 868 3091 do”ch
891 3058 1039 3099 Theogn.
1064 3068 1091 3091 v.
1118 3057 1191 3091 299.
1217 3057 1276 3090 das
1299 3057 1368 3089 dor.
1392 3058 1455 3102 λῇς.

0 3246 35 3268 sq·
48 3235 68 3258 f*
83 3260 87 3263 ,

0 3271 68 3314 ’ἒξ
79 3284 88 3306 5
124 3278 128 3281 ’

0 3288 93 3349 ὼε,
108 3330 111 3335 «
129 3335 132 3341 ,
153 3324 156 3327 ,
